@String(PAMI = {IEEE Trans. Pattern Anal. Mach. Intell.})
@String(IJCV = {Int. J. Comput. Vis.})
@String(CVPR= {IEEE Conf. Comput. Vis. Pattern Recog.})
@String(ICCV= {Int. Conf. Comput. Vis.})
@String(ECCV= {Eur. Conf. Comput. Vis.})
@String(NIPS= {Adv. Neural Inform. Process. Syst.})
@String(ICPR = {Int. Conf. Pattern Recog.})
@String(BMVC= {Brit. Mach. Vis. Conf.})
@String(TOG= {ACM Trans. Graph.})
@String(TIP  = {IEEE Trans. Image Process.})
@String(TVCG  = {IEEE Trans. Vis. Comput. Graph.})
@String(TMM  = {IEEE Trans. Multimedia})
@String(ACMMM= {ACM Int. Conf. Multimedia})
@String(ICME = {Int. Conf. Multimedia and Expo})
@String(ICASSP=	{ICASSP})
@String(ICIP = {IEEE Int. Conf. Image Process.})
@String(ACCV  = {ACCV})
@String(ICLR = {Int. Conf. Learn. Represent.})
@String(IJCAI = {IJCAI})
@String(PR   = {Pattern Recognition})
@String(AAAI = {AAAI})
@String(CVPRW= {IEEE Conf. Comput. Vis. Pattern Recog. Worksh.})
@String(CSVT = {IEEE Trans. Circuit Syst. Video Technol.})
@String(SPL	= {IEEE Sign. Process. Letters})
@String(VR   = {Vis. Res.})
@String(JOV	 = {J. Vis.})
@String(TVC  = {The Vis. Comput.})
@String(JCST  = {J. Comput. Sci. Tech.})
@String(CGF  = {Comput. Graph. Forum})
@String(CVM = {Computational Visual Media})
@String(PAMI  = {IEEE TPAMI})
@String(IJCV  = {IJCV})
@String(CVPR  = {CVPR})
@String(ICCV  = {ICCV})
@String(ECCV  = {ECCV})
@String(NIPS  = {NeurIPS})
@String(ICPR  = {ICPR})
@String(BMVC  =	{BMVC})
@String(TOG   = {ACM TOG})
@String(TIP   = {IEEE TIP})
@String(TVCG  = {IEEE TVCG})
@String(TCSVT = {IEEE TCSVT})
@String(TMM   =	{IEEE TMM})
@String(ACMMM = {ACM MM})
@String(ICME  =	{ICME})
@String(ICASSP=	{ICASSP})
@String(ICIP  = {ICIP})
@String(ACCV  = {ACCV})
@String(ICLR  = {ICLR})
@String(IJCAI = {IJCAI})
@String(PR = {PR})
@String(AAAI = {AAAI})
@String(CVPRW= {CVPRW})
@String(CSVT = {IEEE TCSVT})
@inproceedings{behley2019semantickitti,
	title={Semantickitti: A dataset for semantic scene understanding of lidar sequences},
	author={Behley, Jens and Garbade, Martin and Milioto, Andres and Quenzel, Jan and Behnke, Sven and Stachniss, Cyrill and Gall, Jurgen},
	booktitle={Proceedings of the IEEE/CVF international conference on computer vision},
	pages={9297--9307},
	year={2019}
}
@inproceedings{caesar2020nuscenes,
	title={nuscenes: A multimodal dataset for autonomous driving},
	author={Caesar, Holger and Bankiti, Varun and Lang, Alex H and Vora, Sourabh and Liong, Venice Erin and Xu, Qiang and Krishnan, Anush and Pan, Yu and Baldan, Giancarlo and Beijbom, Oscar},
	booktitle={Proceedings of the IEEE/CVF conference on computer vision and pattern recognition},
	pages={11621--11631},
	year={2020}
}
@inproceedings{yan20222dpass,
	title={2dpass: 2d priors assisted semantic segmentation on lidar point clouds},
	author={Yan, Xu and Gao, Jiantao and Zheng, Chaoda and Zheng, Chao and Zhang, Ruimao and Cui, Shuguang and Li, Zhen},
	booktitle={European Conference on Computer Vision},
	pages={677--695},
	year={2022},
	organization={Springer}
}
@inproceedings{wortsman2022model,
	title={Model soups: averaging weights of multiple fine-tuned models improves accuracy without increasing inference time},
	author={Wortsman, Mitchell and Ilharco, Gabriel and Gadre, Samir Ya and Roelofs, Rebecca and Gontijo-Lopes, Raphael and Morcos, Ari S and Namkoong, Hongseok and Farhadi, Ali and Carmon, Yair and Kornblith, Simon and others},
	booktitle={International Conference on Machine Learning},
	pages={23965--23998},
	year={2022},
	organization={PMLR}
}
@article{dansereau2023model,
	title={Model soups to increase inference without increasing compute time},
	author={Dansereau, Charles and Sobral, Milo and Bhogal, Maninder and Zalai, Mehdi},
	journal={arXiv preprint arXiv:2301.10092},
	year={2023}
}
@article{qi2016pointnet,
  title={PointNet: Deep Learning on Point Sets for 3D Classification and Segmentation. CVPR 2017},
  author={Qi, CR and Su, H and Mo, K and Guibas, LJ},
  journal={arXiv preprint arXiv:1612.00593},
  year={2016}
}
@article{rosenblatt1958perceptron,
  title={The perceptron: a probabilistic model for information storage and organization in the brain.},
  author={Rosenblatt, Frank},
  journal={Psychological review},
  volume={65},
  number={6},
  pages={386},
  year={1958},
  publisher={American Psychological Association}
}
@inproceedings{thomas2019kpconv,
  title={Kpconv: Flexible and deformable convolution for point clouds},
  author={Thomas, Hugues and Qi, Charles R and Deschaud, Jean-Emmanuel and Marcotegui, Beatriz and Goulette, Fran{\c{c}}ois and Guibas, Leonidas J},
  booktitle={Proceedings of the IEEE/CVF international conference on computer vision},
  pages={6411--6420},
  year={2019}
}
@inproceedings{long2015fully,
  title={Fully convolutional networks for semantic segmentation},
  author={Long, Jonathan and Shelhamer, Evan and Darrell, Trevor},
  booktitle={Proceedings of the IEEE conference on computer vision and pattern recognition},
  pages={3431--3440},
  year={2015}
}
@inproceedings{lawin2017deep,
	title={Deep projective 3D semantic segmentation},
	author={Lawin, Felix J{\"a}remo and Danelljan, Martin and Tosteberg, Patrik and Bhat, Goutam and Khan, Fahad Shahbaz and Felsberg, Michael},
	booktitle={International Conference on Computer Analysis of Images and Patterns},
	pages={95--107},
	year={2017},
	organization={Springer}
}
@inproceedings{ronneberger2015u,
  title={U-net: Convolutional networks for biomedical image segmentation},
  author={Ronneberger, Olaf and Fischer, Philipp and Brox, Thomas},
  booktitle={International Conference on Medical image computing and computer-assisted intervention},
  pages={234--241},
  year={2015},
  organization={Springer}
}
@inproceedings{yuan2022x,
	title={X-trans2cap: Cross-modal knowledge transfer using transformer for 3d dense captioning},
	author={Yuan, Zhihao and Yan, Xu and Liao, Yinghong and Guo, Yao and Li, Guanbin and Cui, Shuguang and Li, Zhen},
	booktitle={Proceedings of the IEEE/CVF Conference on Computer Vision and Pattern Recognition},
	pages={8563--8573},
	year={2022}
}
@article{zheng2022beyond,
	title={Beyond 3D Siamese Tracking: A Motion-Centric Paradigm for 3D Single Object Tracking in Point Clouds},
	author={Zheng, Chaoda and Yan, Xu and Zhang, Haiming and Wang, Baoyuan and Cheng, Shenghui and Cui, Shuguang and Li, Zhen},
	journal={arXiv preprint arXiv:2203.01730},
	year={2022}
}
@inproceedings{zheng2021box,
	title={Box-aware feature enhancement for single object tracking on point clouds},
	author={Zheng, Chaoda and Yan, Xu and Gao, Jiantao and Zhao, Weibing and Zhang, Wei and Li, Zhen and Cui, Shuguang},
	booktitle={Proceedings of the IEEE/CVF International Conference on Computer Vision},
	pages={13199--13208},
	year={2021}
}
@article{chen2017rethinking,
  title={Rethinking atrous convolution for semantic image segmentation},
  author={Chen, Liang-Chieh and Papandreou, George and Schroff, Florian and Adam, Hartwig},
  journal={arXiv preprint arXiv:1706.05587},
  year={2017}
}
@inproceedings{huang2021revisiting,
  title={Revisiting Knowledge Distillation: An Inheritance and Exploration Framework},
  author={Huang, Zhen and Shen, Xu and Xing, Jun and Liu, Tongliang and Tian, Xinmei and Li, Houqiang and Deng, Bing and Huang, Jianqiang and Hua, Xian-Sheng},
  booktitle={Proceedings of the IEEE/CVF Conference on Computer Vision and Pattern Recognition},
  pages={3579--3588},
  year={2021}
}
@inproceedings{yang2021knowledge, 
  title={Knowledge distillation via softmax regression representation learning},
  author={Jing Yang, Brais Martinez, Adrian Bulat, Georgios Tzimiropoulos},
  booktitle={ICLR2021},
  year={2021}  
}
@inproceedings{maas2013rectifier,
  title={Rectifier nonlinearities improve neural network acoustic models},
  author={Maas, Andrew L and Hannun, Awni Y and Ng, Andrew Y and others},
  booktitle={Proc. icml},
  volume={30},
  number={1},
  pages={3},
  year={2013},
  organization={Citeseer}
}
@inproceedings{he2016deep,
  title={Deep residual learning for image recognition},
  author={He, Kaiming and Zhang, Xiangyu and Ren, Shaoqing and Sun, Jian},
  booktitle={Proceedings of the IEEE conference on computer vision and pattern recognition},
  pages={770--778},
  year={2016}
}
@article{boulch2017unstructured,
	title={Unstructured Point Cloud Semantic Labeling Using Deep Segmentation Networks.},
	author={Boulch, Alexandre and Le Saux, Bertrand and Audebert, Nicolas},
	journal={3DOR},
	volume={2},
	pages={7},
	year={2017}
}
@article{hu2019randla,
	title={RandLA-Net: Efficient Semantic Segmentation of Large-Scale Point Clouds},
	author={Hu, Qingyong and Yang, Bo and Xie, Linhai and Rosa, Stefano and Guo, Yulan and Wang, Zhihua and Trigoni, Niki and Markham, Andrew},
	journal={Proceedings of the IEEE Conference on Computer Vision and Pattern Recognition},
	year={2020}
}
@inproceedings{yan2021sparse,
	title={Sparse Single Sweep LiDAR Point Cloud Segmentation via Learning Contextual Shape Priors from Scene Completion},
	author={Yan, Xu and Gao, Jiantao and Li, Jie and Zhang, Ruimao and Li, Zhen and Huang, Rui and Cui, Shuguang},
	booktitle={Proceedings of the AAAI Conference on Artificial Intelligence},
	volume={35},
	pages={3101--3109},
	year={2021}
}
@inproceedings{xu2020squeezesegv3,
	title={Squeezesegv3: Spatially-adaptive convolution for efficient point-cloud segmentation},
	author={Xu, Chenfeng and Wu, Bichen and Wang, Zining and Zhan, Wei and Vajda, Peter and Keutzer, Kurt and Tomizuka, Masayoshi},
	booktitle={European Conference on Computer Vision},
	pages={1--19},
	year={2020},
	organization={Springer}
}
@inproceedings{zhu2021cylindrical,
	title={Cylindrical and asymmetrical 3d convolution networks for lidar segmentation},
	author={Zhu, Xinge and Zhou, Hui and Wang, Tai and Hong, Fangzhou and Ma, Yuexin and Li, Wei and Li, Hongsheng and Lin, Dahua},
	booktitle={Proceedings of the IEEE/CVF conference on computer vision and pattern recognition},
	pages={9939--9948},
	year={2021}
}
@inproceedings{tang2020searching,
	title={Searching efficient 3d architectures with sparse point-voxel convolution},
	author={Tang, Haotian and Liu, Zhijian and Zhao, Shengyu and Lin, Yujun and Lin, Ji and Wang, Hanrui and Han, Song},
	booktitle={European conference on computer vision},
	pages={685--702},
	year={2020},
	organization={Springer}
}
@inproceedings{tatarchenko2018tangent,
	title={Tangent convolutions for dense prediction in 3d},
	author={Tatarchenko, Maxim and Park, Jaesik and Koltun, Vladlen and Zhou, Qian-Yi},
	booktitle={Proceedings of the IEEE Conference on Computer Vision and Pattern Recognition},
	pages={3887--3896},
	year={2018}
}
@inproceedings{wu2018squeezeseg,
	title={Squeezeseg: Convolutional neural nets with recurrent crf for real-time road-object segmentation from 3d lidar point cloud},
	author={Wu, Bichen and Wan, Alvin and Yue, Xiangyu and Keutzer, Kurt},
	booktitle={2018 IEEE International Conference on Robotics and Automation (ICRA)},
	pages={1887--1893},
	year={2018},
	organization={IEEE}
}
@inproceedings{wu2019squeezesegv2,
	title={Squeezesegv2: Improved model structure and unsupervised domain adaptation for road-object segmentation from a lidar point cloud},
	author={Wu, Bichen and Zhou, Xuanyu and Zhao, Sicheng and Yue, Xiangyu and Keutzer, Kurt},
	booktitle={2019 International Conference on Robotics and Automation (ICRA)},
	pages={4376--4382},
	year={2019},
	organization={IEEE}
}
@inproceedings{wang2015voting,
	title={Voting for Voting in Online Point Cloud Object Detection.},
	author={Wang, Dominic Zeng and Posner, Ingmar},
	booktitle={Robotics: Science and Systems},
	volume={1},
	number={3},
	pages={10--15607},
	year={2015}
}
@inproceedings{shi2019pointrcnn,
	title={Pointrcnn: 3d object proposal generation and detection from point cloud},
	author={Shi, Shaoshuai and Wang, Xiaogang and Li, Hongsheng},
	booktitle={Proceedings of the IEEE Conference on Computer Vision and Pattern Recognition},
	pages={770--779},
	year={2019}
}
@inproceedings{huang2016point,
	title={Point cloud labeling using 3d convolutional neural network},
	author={Huang, Jing and You, Suya},
	booktitle={2016 23rd International Conference on Pattern Recognition (ICPR)},
	pages={2670--2675},
	year={2016},
	organization={IEEE}
}
@article{graham2017submanifold,
	title={Submanifold sparse convolutional networks},
	author={Graham, Benjamin and van der Maaten, Laurens},
	journal={arXiv preprint arXiv:1706.01307},
	year={2017}
}
@inproceedings{graham20183d,
	title={3d semantic segmentation with submanifold sparse convolutional networks},
	author={Graham, Benjamin and Engelcke, Martin and van der Maaten, Laurens},
	booktitle={Proceedings of the IEEE conference on computer vision and pattern recognition},
	pages={9224--9232},
	year={2018}
}
@inproceedings{qi2017pointnet,
	title={Pointnet: Deep learning on point sets for 3d classification and segmentation},
	author={Qi, Charles R and Su, Hao and Mo, Kaichun and Guibas, Leonidas J},
	booktitle={Proceedings of the IEEE conference on computer vision and pattern recognition},
	pages={652--660},
	year={2017}
}
@inproceedings{qi2017pointnet++,
	title={Pointnet++: Deep hierarchical feature learning on point sets in a metric space},
	author={Qi, Charles Ruizhongtai and Yi, Li and Su, Hao and Guibas, Leonidas J},
	booktitle={Advances in neural information processing systems},
	pages={5099--5108},
	year={2017}
}
@article{jiang2018pointsift,
	title={Pointsift: A sift-like network module for 3d point cloud semantic segmentation},
	author={Jiang, Mingyang and Wu, Yiran and Zhao, Tianqi and Zhao, Zelin and Lu, Cewu},
	journal={arXiv preprint arXiv:1807.00652},
	year={2018}
}
@inproceedings{zhao2019pointweb,
	title={PointWeb: Enhancing local neighborhood features for point cloud processing},
	author={Zhao, Hengshuang and Jiang, Li and Fu, Chi-Wing and Jia, Jiaya},
	booktitle={Proceedings of the IEEE Conference on Computer Vision and Pattern Recognition},
	pages={5565--5573},
	year={2019}
}
@inproceedings{yang2019modeling,
	title={Modeling point clouds with self-attention and gumbel subset sampling},
	author={Yang, Jiancheng and Zhang, Qiang and Ni, Bingbing and Li, Linguo and Liu, Jinxian and Zhou, Mengdie and Tian, Qi},
	booktitle={Proceedings of the IEEE Conference on Computer Vision and Pattern Recognition},
	pages={3323--3332},
	year={2019}
}
@article{chen2019lsanet,
	title={LSANet: Feature learning on point sets by local spatial attention},
	author={Chen, Lin-Zhuo and Li, Xuan-Yi and Fan, Deng-Ping and Cheng, Ming-Ming and Wang, Kai and Lu, Shao-Ping},
	journal={arXiv preprint arXiv:1905.05442},
	year={2019}
}
@inproceedings{hua2018pointwise,
	title={Pointwise convolutional neural networks},
	author={Hua, Binh-Son and Tran, Minh-Khoi and Yeung, Sai-Kit},
	booktitle={Proceedings of the IEEE Conference on Computer Vision and Pattern Recognition},
	pages={984--993},
	year={2018}
}
@inproceedings{wang2018deep,
	title={Deep parametric continuous convolutional neural networks},
	author={Wang, Shenlong and Suo, Simon and Ma, Wei-Chiu and Pokrovsky, Andrei and Urtasun, Raquel},
	booktitle={Proceedings of the IEEE Conference on Computer Vision and Pattern Recognition},
	pages={2589--2597},
	year={2018}
}
@InProceedings{Thomas_2019_ICCV,
	author = {Thomas, Hugues and Qi, Charles R. and Deschaud, Jean-Emmanuel and Marcotegui, Beatriz and Goulette, Francois and Guibas, Leonidas J.},
	title = {KPConv: Flexible and Deformable Convolution for Point Clouds},
	booktitle = {The IEEE International Conference on Computer Vision (ICCV)},
	month = {October},
	year = {2019}
}
@article{engelmann2019dilated,
	title={Dilated point convolutions: On the receptive field of point convolutions},
	author={Engelmann, Francis and Kontogianni, Theodora and Leibe, Bastian},
	journal={arXiv preprint arXiv:1907.12046},
	year={2019}
}
@inproceedings{landrieu2018large,
	title={Large-scale point cloud semantic segmentation with superpoint graphs},
	author={Landrieu, Loic and Simonovsky, Martin},
	booktitle={Proceedings of the IEEE Conference on Computer Vision and Pattern Recognition},
	pages={4558--4567},
	year={2018}
}
@inproceedings{landrieu2019point,
	title={Point cloud oversegmentation with graph-structured deep metric learning},
	author={Landrieu, Loic and Boussaha, Mohamed},
	booktitle={Proceedings of the IEEE Conference on Computer Vision and Pattern Recognition},
	pages={7440--7449},
	year={2019}
}
@article{zhiheng2019pyramnet,
	title={PyramNet: Point cloud pyramid attention network and graph embedding module for classification and segmentation},
	author={Zhiheng, Kang and Ning, Li},
	journal={arXiv preprint arXiv:1906.03299},
	year={2019}
}
@inproceedings{wang2019graph,
	title={Graph attention convolution for point cloud semantic segmentation},
	author={Wang, Lei and Huang, Yuchun and Hou, Yaolin and Zhang, Shenman and Shan, Jie},
	booktitle={Proceedings of the IEEE Conference on Computer Vision and Pattern Recognition},
	pages={10296--10305},
	year={2019}
}
@inproceedings{tchapmi2017segcloud,
	title={Segcloud: Semantic segmentation of 3d point clouds},
	author={Tchapmi, Lyne and Choy, Christopher and Armeni, Iro and Gwak, JunYoung and Savarese, Silvio},
	booktitle={2017 international conference on 3D vision (3DV)},
	pages={537--547},
	year={2017},
	organization={IEEE}
}
@InProceedings{Riegler_2017_CVPR,
	author = {Riegler, Gernot and Osman Ulusoy, Ali and Geiger, Andreas},
	title = {OctNet: Learning Deep 3D Representations at High Resolutions},
	booktitle = {The IEEE Conference on Computer Vision and Pattern Recognition (CVPR)},
	month = {July},
	year = {2017}
}
@article{wang2019dynamic,
	title={Dynamic graph cnn for learning on point clouds},
	author={Wang, Yue and Sun, Yongbin and Liu, Ziwei and Sarma, Sanjay E and Bronstein, Michael M and Solomon, Justin M},
	journal={ACM Transactions on Graphics (TOG)},
	volume={38},
	number={5},
	pages={1--12},
	year={2019},
	publisher={ACM New York, NY, USA}
}
@inproceedings{engelmann2017exploring,
	title={Exploring spatial context for 3d semantic segmentation of point clouds},
	author={Engelmann, Francis and Kontogianni, Theodora and Hermans, Alexander and Leibe, Bastian},
	booktitle={Proceedings of the IEEE International Conference on Computer Vision Workshops},
	pages={716--724},
	year={2017}
}
@inproceedings{huang2018recurrent,
	title={Recurrent slice networks for 3d segmentation of point clouds},
	author={Huang, Qiangui and Wang, Weiyue and Neumann, Ulrich},
	booktitle={Proceedings of the IEEE Conference on Computer Vision and Pattern Recognition},
	pages={2626--2635},
	year={2018}
}
@inproceedings{ye20183d,
	title={3d recurrent neural networks with context fusion for point cloud semantic segmentation},
	author={Ye, Xiaoqing and Li, Jiamao and Huang, Hexiao and Du, Liang and Zhang, Xiaolin},
	booktitle={Proceedings of the European Conference on Computer Vision (ECCV)},
	pages={403--417},
	year={2018}
}
@article{chen2017deeplab,
	title={Deeplab: Semantic image segmentation with deep convolutional nets, atrous convolution, and fully connected crfs},
	author={Chen, Liang-Chieh and Papandreou, George and Kokkinos, Iasonas and Murphy, Kevin and Yuille, Alan L},
	journal={IEEE transactions on pattern analysis and machine intelligence},
	volume={40},
	number={4},
	pages={834--848},
	year={2017},
	publisher={IEEE}
}
@inproceedings{lin2016efficient,
	title={Efficient piecewise training of deep structured models for semantic segmentation},
	author={Lin, Guosheng and Shen, Chunhua and Van Den Hengel, Anton and Reid, Ian},
	booktitle={Proceedings of the IEEE conference on computer vision and pattern recognition},
	pages={3194--3203},
	year={2016}
}
@inproceedings{song2017semantic,
	title={Semantic scene completion from a single depth image},
	author={Song, Shuran and Yu, Fisher and Zeng, Andy and Chang, Angel X and Savva, Manolis and Funkhouser, Thomas},
	booktitle={Proceedings of the IEEE Conference on Computer Vision and Pattern Recognition},
	pages={1746--1754},
	year={2017}
}
@inproceedings{SparseConv,
	title={3d semantic segmentation with submanifold sparse convolutional networks},
	author={Graham, Benjamin and Engelcke, Martin and van der Maaten, Laurens},
	booktitle={Proceedings of the IEEE Conference on Computer Vision and Pattern Recognition},
	pages={9224--9232},
	year={2018}
}
@inproceedings{choy20194d,
	title={4D Spatio-Temporal ConvNets: Minkowski Convolutional Neural Networks},
	author={Choy, Christopher and Gwak, JunYoung and Savarese, Silvio},
	booktitle={Proceedings of the IEEE Conference on Computer Vision and Pattern Recognition},
	pages={3075--3084},
	year={2019}
}
@article{wang2017cnn,
	title={O-cnn: Octree-based convolutional neural networks for 3d shape analysis},
	author={Wang, Peng-Shuai and Liu, Yang and Guo, Yu-Xiao and Sun, Chun-Yu and Tong, Xin},
	journal={ACM Transactions on Graphics (TOG)},
	volume={36},
	number={4},
	pages={72},
	year={2017},
	publisher={ACM}
}
@inproceedings{riegler2017octnet,
	title={Octnet: Learning deep 3d representations at high resolutions},
	author={Riegler, Gernot and Osman Ulusoy, Ali and Geiger, Andreas},
	booktitle={Proceedings of the IEEE Conference on Computer Vision and Pattern Recognition},
	pages={3577--3586},
	year={2017}
}
@inproceedings{DGCNN,
	title={Dynamic graph cnn for learning on point clouds},
	author={Wang, Yue and Sun, Yongbin and Liu, Ziwei and Sarma, Sanjay E and Bronstein, Michael M and Solomon, Justin M},
	journal={ACM Transactions on Graphics (TOG)},
	year={2019}
}
@inproceedings{PointConv,
	title={Pointconv: Deep convolutional networks on 3d point clouds},
	author={Wu, Wenxuan and Qi, Zhongang and Fuxin, Li},
	booktitle={Proceedings of the IEEE Conference on Computer Vision and Pattern Recognition},
	pages={9621--9630},
	year={2019}
}
@inproceedings{Jiahui2019Efficient,
	title={Efficient Semantic Scene Completion Network with Spatial Group Convolution},
	author={Jiahui Zhang and Hao Zhao and Anbang Yao and Yurong Chen and Li Zhang},
	year={2018},
	booktitle={ECCV},
	pages={733¨C749}
	
}
@inproceedings{Han2017High,
	title={High-Resolution Shape Completion Using Deep Neural Networks for Global Structure and Local Geometry Inference},
	author={Han, Xiaoguang and Li, Zhen and Huang, Haibin and Kalogerakis, Evangelos and Yu, Yizhou},
	year={2017},
	booktitle={ECCV},
	pages={85¨C93,}
}
@InProceedings{Garbade_2019_CVPR_Workshops,
	author = {Garbade, Martin and Chen, Yueh-Tung and Sawatzky, Johann and Gall, Juergen},
	title = {Two Stream 3D Semantic Scene Completion},
	booktitle = {The IEEE Conference on Computer Vision and Pattern Recognition (CVPR) Workshops},
	month = {June},
	year = {2019}
}
@inproceedings{li2019rgbd,
	title={RGBD based dimensional decomposition residual network for 3D semantic scene completion},
	author={Li, Jie and Liu, Yu and Gong, Dong and Shi, Qinfeng and Yuan, Xia and Zhao, Chunxia and Reid, Ian},
	booktitle={Proceedings of the IEEE Conference on Computer Vision and Pattern Recognition},
	pages={7693--7702},
	year={2019}
}
@article{liu20203d,
	title={3D Gated Recurrent Fusion for Semantic Scene Completion},
	author={Liu, Yu and Li, Jie and Yan, Qingsen and Yuan, Xia and Zhao, Chunxia and Reid, Ian and Cadena, Cesar},
	journal={arXiv preprint arXiv:2002.07269},
	year={2020}
}
@inproceedings{kendall2018multi,
	title={Multi-task learning using uncertainty to weigh losses for scene geometry and semantics},
	author={Kendall, Alex and Gal, Yarin and Cipolla, Roberto},
	booktitle={Proceedings of the IEEE conference on computer vision and pattern recognition},
	pages={7482--7491},
	year={2018}
}
@inproceedings{eigen2015predicting,
	title={Predicting depth, surface normals and semantic labels with a common multi-scale convolutional architecture},
	author={Eigen, David and Fergus, Rob},
	booktitle={Proceedings of the IEEE international conference on computer vision},
	pages={2650--2658},
	year={2015}
}
@inproceedings{teichmann2018multinet,
	title={Multinet: Real-time joint semantic reasoning for autonomous driving},
	author={Teichmann, Marvin and Weber, Michael and Zoellner, Marius and Cipolla, Roberto and Urtasun, Raquel},
	booktitle={2018 IEEE Intelligent Vehicles Symposium (IV)},
	pages={1013--1020},
	year={2018},
	organization={IEEE}
}
@inproceedings{wang2019associatively,
	title={Associatively segmenting instances and semantics in point clouds},
	author={Wang, Xinlong and Liu, Shu and Shen, Xiaoyong and Shen, Chunhua and Jia, Jiaya},
	booktitle={Proceedings of the IEEE Conference on Computer Vision and Pattern Recognition},
	pages={4096--4105},
	year={2019}
}
@inproceedings{pham2019jsis3d,
	title={JSIS3D: joint semantic-instance segmentation of 3d point clouds with multi-task pointwise networks and multi-value conditional random fields},
	author={Pham, Quang-Hieu and Nguyen, Thanh and Hua, Binh-Son and Roig, Gemma and Yeung, Sai-Kit},
	booktitle={Proceedings of the IEEE Conference on Computer Vision and Pattern Recognition},
	pages={8827--8836},
	year={2019}
}
@inproceedings{wei2020multi,
	title={Multi-Path Region Mining For Weakly Supervised 3D Semantic Segmentation on Point Clouds},
	author={Wei, Jiacheng and Lin, Guosheng and Yap, Kim-Hui and Hung, Tzu-Yi and Xie, Lihua},
	booktitle={Proceedings of the IEEE Conference on Computer Vision and Pattern Recognition},
	year={2020}
}
@inproceedings{han2020occuseg,
	title={OccuSeg: Occupancy-aware 3D Instance Segmentation},
	author={Han, Lei and Zheng, Tian and Xu, Lan and Fang, Lu},
	booktitle={Proceedings of the IEEE Conference on Computer Vision and Pattern Recognition},
	year={2020}
}
@inproceedings{liu2018see,
	title={See and think: Disentangling semantic scene completion},
	author={Liu, Shice and Hu, Yu and Zeng, Yiming and Tang, Qiankun and Jin, Beibei and Han, Yinhe and Li, Xiaowei},
	booktitle={Advances in Neural Information Processing Systems},
	pages={263--274},
	year={2018}
}
@article{velivckovic2017graph,
	title={Graph attention networks},
	author={Veli{\v{c}}kovi{\'c}, Petar and Cucurull, Guillem and Casanova, Arantxa and Romero, Adriana and Lio, Pietro and Bengio, Yoshua},
	journal={arXiv preprint arXiv:1710.10903},
	year={2017}
}
@inproceedings{kendall2018multi,
	title={Multi-task learning using uncertainty to weigh losses for scene geometry and semantics},
	author={Kendall, Alex and Gal, Yarin and Cipolla, Roberto},
	booktitle={Proceedings of the IEEE conference on computer vision and pattern recognition},
	pages={7482--7491},
	year={2018}
}
@inproceedings{liu2019meteornet,
	title={MeteorNet: Deep learning on dynamic 3D point cloud sequences},
	author={Liu, Xingyu and Yan, Mengyuan and Bohg, Jeannette},
	booktitle={Proceedings of the IEEE International Conference on Computer Vision},
	pages={9246--9255},
	year={2019}
}
@article{fan2019pointrnn,
	title={PointRNN: Point recurrent neural network for moving point cloud processing},
	author={Fan, Hehe and Yang, Yi},
	journal={arXiv preprint arXiv:1910.08287},
	year={2019}
}
@inproceedings{ronneberger2015u,
	title={U-net: Convolutional networks for biomedical image segmentation},
	author={Ronneberger, Olaf and Fischer, Philipp and Brox, Thomas},
	booktitle={International Conference on Medical image computing and computer-assisted intervention},
	pages={234--241},
	year={2015},
	organization={Springer}
}
@inproceedings{geiger2012cvpr,
	author = {A. Geiger and P. Lenz and R. Urtasun},
	title = {{Are we ready for Autonomous Driving? The KITTI Vision Benchmark Suite}},
	booktitle = {Proc.~of the IEEE Conf.~on Computer Vision and Pattern Recognition (CVPR)},
	pages = {3354--3361},
	year = {2012}
}
@inproceedings{landrieu2018large,
	title={Large-scale point cloud semantic segmentation with superpoint graphs},
	author={Landrieu, Loic and Simonovsky, Martin},
	booktitle={Proceedings of the IEEE Conference on Computer Vision and Pattern Recognition},
	pages={4558--4567},
	year={2018}
}
@inproceedings{su2018splatnet,
	title={Splatnet: Sparse lattice networks for point cloud processing},
	author={Su, Hang and Jampani, Varun and Sun, Deqing and Maji, Subhransu and Kalogerakis, Evangelos and Yang, Ming-Hsuan and Kautz, Jan},
	booktitle={Proceedings of the IEEE Conference on Computer Vision and Pattern Recognition},
	pages={2530--2539},
	year={2018}
}
@inproceedings{yan2020pointasnl,
  title={Pointasnl: Robust point clouds processing using nonlocal neural networks with adaptive sampling},
  author={Yan, Xu and Zheng, Chaoda and Li, Zhen and Wang, Sheng and Cui, Shuguang},
  booktitle={Proceedings of the IEEE/CVF Conference on Computer Vision and Pattern Recognition},
  pages={5589--5598},
  year={2020}
}
@inproceedings{milioto2019rangenet++,
	title={Rangenet++: Fast and accurate lidar semantic segmentation},
	author={Milioto, Andres and Vizzo, Ignacio and Behley, Jens and Stachniss, Cyrill},
	booktitle={Proc. of the IEEE/RSJ Intl. Conf. on Intelligent Robots and Systems (IROS)},
	year={2019}
}
@inproceedings{garbade2019two,
	title={Two stream 3d semantic scene completion},
	author={Garbade, Martin and Chen, Yueh-Tung and Sawatzky, Johann and Gall, Juergen},
	booktitle={Proceedings of the IEEE Conference on Computer Vision and Pattern Recognition Workshops},
	pages={0--0},
	year={2019}
}
@inproceedings{pixelshuffle,
	title={Real-Time Single Image and Video Super-Resolution Using an Efficient Sub-Pixel Convolutional Neural Network},
	author={Wenzhe Shi, Jose Caballero, Ferenc Huszár, Johannes Totz, Andrew P. Aitken, Rob Bishop, Daniel Rueckert and Zehan Wang},
	booktitle={Proceedings of the IEEE Conference on Computer Vision and Pattern Recognition},
	year={2015}
}
@misc{blanco2014nanoflann,
	title        = {nanoflann: a {C}++ header-only fork of {FLANN}, a library for Nearest Neighbor ({NN}) with KD-trees},
	author       = {Blanco, Jose Luis and Rai, Pranjal Kumar},
	howpublished = {\url{https://github.com/jlblancoc/nanoflann}},
	year         = {2014}
}
@inproceedings{DGCNN,
	title={Dynamic graph cnn for learning on point clouds},
	author={Wang, Yue and Sun, Yongbin and Liu, Ziwei and Sarma, Sanjay E and Bronstein, Michael M and Solomon, Justin M},
	journal={ACM Transactions on Graphics (TOG)},
	year={2019}
}
@article{maaten2008visualizing,
  title={Visualizing data using t-SNE},
  author={Maaten, Laurens van der and Hinton, Geoffrey},
  journal={Journal of machine learning research},
  volume={9},
  number={Nov},
  pages={2579--2605},
  year={2008}
}
@inproceedings{scannet,
title={Scannet: Richly-annotated 3d reconstructions of indoor scenes},
author={Dai, Angela and Chang, Angel X and Savva, Manolis and Halber, Maciej and Funkhouser, Thomas and Nie{\ss}ner, Matthias},
booktitle={Proceedings of the IEEE Conference on Computer Vision and Pattern Recognition},
pages={5828--5839},
year={2017}
}
@inproceedings{s3dis,
title={3d semantic parsing of large-scale indoor spaces},
author={Armeni, Iro and Sener, Ozan and Zamir, Amir R and Jiang, Helen and Brilakis, Ioannis and Fischer, Martin and Savarese, Silvio},
booktitle={Proceedings of the IEEE Conference on Computer Vision and Pattern Recognition},
pages={1534--1543},
year={2016}
}
@article{hackel2017semantic3d,
  title={Semantic3d. net: A new large-scale point cloud classification benchmark},
  author={Hackel, Timo and Savinov, Nikolay and Ladicky, Lubor and Wegner, Jan D and Schindler, Konrad and Pollefeys, Marc},
  journal={arXiv preprint arXiv:1704.03847},
  year={2017}
}
@inproceedings{shi2020spsequencenet,
  title={SpSequenceNet: Semantic Segmentation Network on 4D Point Clouds},
  author={Shi, Hanyu and Lin, Guosheng and Wang, Hao and Hung, Tzu-Yi and Wang, Zhenhua},
  booktitle={Proceedings of the IEEE/CVF Conference on Computer Vision and Pattern Recognition},
  pages={4574--4583},
  year={2020}
}
@article{pan2020semanticposs,
  title={SemanticPOSS: A Point Cloud Dataset with Large Quantity of Dynamic Instances},
  author={Pan, Yancheng and Gao, Biao and Mei, Jilin and Geng, Sibo and Li, Chengkun and Zhao, Huijing},
  journal={arXiv preprint arXiv:2002.09147},
  year={2020}
}
@inproceedings{zhao2017pyramid,
	title={Pyramid scene parsing network},
	author={Zhao, Hengshuang and Shi, Jianping and Qi, Xiaojuan and Wang, Xiaogang and Jia, Jiaya},
	booktitle={Proceedings of the IEEE conference on computer vision and pattern recognition},
	pages={2881--2890},
	year={2017}
}
@inproceedings{wang2018understanding,
	title={Understanding convolution for semantic segmentation},
	author={Wang, Panqu and Chen, Pengfei and Yuan, Ye and Liu, Ding and Huang, Zehua and Hou, Xiaodi and Cottrell, Garrison},
	booktitle={2018 IEEE winter conference on applications of computer vision (WACV)},
	pages={1451--1460},
	year={2018},
	organization={Ieee}
}
@inproceedings{mehta2018espnet,
	title={Espnet: Efficient spatial pyramid of dilated convolutions for semantic segmentation},
	author={Mehta, Sachin and Rastegari, Mohammad and Caspi, Anat and Shapiro, Linda and Hajishirzi, Hannaneh},
	booktitle={Proceedings of the european conference on computer vision (ECCV)},
	pages={552--568},
	year={2018}
}
@inproceedings{huang2019ccnet,
	title={Ccnet: Criss-cross attention for semantic segmentation},
	author={Huang, Zilong and Wang, Xinggang and Huang, Lichao and Huang, Chang and Wei, Yunchao and Liu, Wenyu},
	booktitle={Proceedings of the IEEE/CVF International Conference on Computer Vision},
	pages={603--612},
	year={2019}
}
@inproceedings{liu2019relation,
	title={Relation-shape convolutional neural network for point cloud analysis},
	author={Liu, Yongcheng and Fan, Bin and Xiang, Shiming and Pan, Chunhong},
	booktitle={Proceedings of the IEEE/CVF Conference on Computer Vision and Pattern Recognition},
	pages={8895--8904},
	year={2019}
}
@inproceedings{zhao2021point,
	title={Point transformer},
	author={Zhao, Hengshuang and Jiang, Li and Jia, Jiaya and Torr, Philip HS and Koltun, Vladlen},
	booktitle={Proceedings of the IEEE/CVF International Conference on Computer Vision},
	pages={16259--16268},
	year={2021}
}
@article{engel2021point,
	title={Point transformer},
	author={Engel, Nico and Belagiannis, Vasileios and Dietmayer, Klaus},
	journal={IEEE Access},
	volume={9},
	pages={134826--134840},
	year={2021},
	publisher={IEEE}
}
@article{liong2020amvnet,
	title={Amvnet: Assertion-based multi-view fusion network for lidar semantic segmentation},
	author={Liong, Venice Erin and Nguyen, Thi Ngoc Tho and Widjaja, Sergi and Sharma, Dhananjai and Chong, Zhuang Jie},
	journal={arXiv preprint arXiv:2012.04934},
	year={2020}
}
@article{zhou2020cylinder3d,
	title={Cylinder3d: An effective 3d framework for driving-scene lidar semantic segmentation},
	author={Zhou, Hui and Zhu, Xinge and Song, Xiao and Ma, Yuexin and Wang, Zhe and Li, Hongsheng and Lin, Dahua},
	journal={arXiv preprint arXiv:2008.01550},
	year={2020}
}
@inproceedings{cheng20212,
	title={Af2-s3net: Attentive feature fusion with adaptive feature selection for sparse semantic segmentation network},
	author={Cheng, Ran and Razani, Ryan and Taghavi, Ehsan and Li, Enxu and Liu, Bingbing},
	booktitle={Proceedings of the IEEE/CVF conference on computer vision and pattern recognition},
	pages={12547--12556},
	year={2021}
}
@inproceedings{xu2021rpvnet,
	title={Rpvnet: A deep and efficient range-point-voxel fusion network for lidar point cloud segmentation},
	author={Xu, Jianyun and Zhang, Ruixiang and Dou, Jian and Zhu, Yushi and Sun, Jie and Pu, Shiliang},
	booktitle={Proceedings of the IEEE/CVF International Conference on Computer Vision},
	pages={16024--16033},
	year={2021}
}
@inproceedings{krispel2020fuseseg,
	title={Fuseseg: Lidar point cloud segmentation fusing multi-modal data},
	author={Krispel, Georg and Opitz, Michael and Waltner, Georg and Possegger, Horst and Bischof, Horst},
	booktitle={Proceedings of the IEEE/CVF Winter Conference on Applications of Computer Vision},
	pages={1874--1883},
	year={2020}
}
@inproceedings{el2019rgb,
	title={Rgb and lidar fusion based 3d semantic segmentation for autonomous driving},
	author={El Madawi, Khaled and Rashed, Hazem and El Sallab, Ahmad and Nasr, Omar and Kamel, Hanan and Yogamani, Senthil},
	booktitle={2019 IEEE Intelligent Transportation Systems Conference (ITSC)},
	pages={7--12},
	year={2019},
	organization={IEEE}
}
@inproceedings{meyer2019sensor,
	title={Sensor fusion for joint 3d object detection and semantic segmentation},
	author={Meyer, Gregory P and Charland, Jake and Hegde, Darshan and Laddha, Ankit and Vallespi-Gonzalez, Carlos},
	booktitle={Proceedings of the IEEE/CVF Conference on Computer Vision and Pattern Recognition Workshops},
	pages={0--0},
	year={2019}
}
@inproceedings{vora2020pointpainting,
	title={Pointpainting: Sequential fusion for 3d object detection},
	author={Vora, Sourabh and Lang, Alex H and Helou, Bassam and Beijbom, Oscar},
	booktitle={Proceedings of the IEEE/CVF conference on computer vision and pattern recognition},
	pages={4604--4612},
	year={2020}
}
@inproceedings{zhang2020polarnet,
	title={Polarnet: An improved grid representation for online lidar point clouds semantic segmentation},
	author={Zhang, Yang and Zhou, Zixiang and David, Philip and Yue, Xiangyu and Xi, Zerong and Gong, Boqing and Foroosh, Hassan},
	booktitle={Proceedings of the IEEE/CVF Conference on Computer Vision and Pattern Recognition},
	pages={9601--9610},
	year={2020}
}
@inproceedings{milioto2019rangenet++,
	title={Rangenet++: Fast and accurate lidar semantic segmentation},
	author={Milioto, Andres and Vizzo, Ignacio and Behley, Jens and Stachniss, Cyrill},
	booktitle={2019 IEEE/RSJ International Conference on Intelligent Robots and Systems (IROS)},
	pages={4213--4220},
	year={2019},
	organization={IEEE}
}
@inproceedings{zhuang2021perception,
	title={Perception-aware Multi-sensor Fusion for 3D LiDAR Semantic Segmentation},
	author={Zhuang, Zhuangwei and Li, Rong and Jia, Kui and Wang, Qicheng and Li, Yuanqing and Tan, Mingkui},
	booktitle={Proceedings of the IEEE/CVF International Conference on Computer Vision},
	pages={16280--16290},
	year={2021}
}
@article{hinton2015distilling,
	title={Distilling the knowledge in a neural network},
	author={Hinton, Geoffrey and Vinyals, Oriol and Dean, Jeff},
	journal={NeurIPS Workshops},
	year={2014}
}
@article{ba2013deep,
	title={Do deep nets really need to be deep?},
	author={Ba, Lei Jimmy and Caruana, Rich},
	journal={NeurIPS},
	pages={2654–2662},
	year={2014}
}
@inproceedings{chen2017learning,
	title={Learning efficient object detection models with knowledge distillation},
	author={Chen, Guobin and Choi, Wongun and Yu, Xiang and Han, Tony and Chandraker, Manmohan},
	booktitle={Proceedings of the 31st International Conference on Neural Information Processing Systems},
	pages={742--751},
	year={2017}
}
@article{zagoruyko2016paying,
	title={Paying more attention to attention: Improving the performance of convolutional neural networks via attention transfer},
	author={Zagoruyko, Sergey and Komodakis, Nikos},
	journal={ICLR},
	year={2017}
}
@inproceedings{srinivas2018knowledge,
	title={Knowledge transfer with jacobian matching},
	author={Srinivas, Suraj and Fleuret, Fran{\c{c}}ois},
	booktitle={International Conference on Machine Learning},
	pages={4723--4731},
	year={2018},
	organization={PMLR}
}
@inproceedings{gupta2016cross,
	title={Cross modal distillation for supervision transfer},
	author={Gupta, Saurabh and Hoffman, Judy and Malik, Jitendra},
	booktitle={Proceedings of the IEEE conference on computer vision and pattern recognition},
	pages={2827--2836},
	year={2016}
}
@inproceedings{wang2019efficient,
	title={An efficient approach to informative feature extraction from multimodal data},
	author={Wang, Lichen and Wu, Jiaxiang and Huang, Shao-Lun and Zheng, Lizhong and Xu, Xiangxiang and Zhang, Lin and Huang, Junzhou},
	booktitle={Proceedings of the AAAI Conference on Artificial Intelligence},
	volume={33},
	pages={5281--5288},
	year={2019}
}
@article{yuan2018rgb,
	title={RGB-based 3D hand pose estimation via privileged learning with depth images},
	author={Yuan, Shanxin and Stenger, Bjorn and Kim, Tae-Kyun},
	journal={arXiv preprint arXiv:1811.07376},
	year={2018}
}
@inproceedings{zhao2020knowledge,
	title={Knowledge as priors: Cross-modal knowledge generalization for datasets without superior knowledge},
	author={Zhao, Long and Peng, Xi and Chen, Yuxiao and Kapadia, Mubbasir and Metaxas, Dimitris N},
	booktitle={Proceedings of the IEEE/CVF Conference on Computer Vision and Pattern Recognition},
	pages={6528--6537},
	year={2020}
}
@article{liu20213d,
	title={3D-to-2D Distillation for Indoor Scene Parsing},
	author={Liu, Zhengzhe and Qi, Xiaojuan and Fu, Chi-Wing},
	journal={CVPR},
	year={2021}
}
@article{hou2021pri3d,
	title={Pri3D: Can 3D Priors Help 2D Representation Learning?},
	author={Hou, Ji and Xie, Saining and Graham, Benjamin and Dai, Angela and Nie{\ss}ner, Matthias},
	journal={arXiv preprint arXiv:2104.11225},
	year={2021}
}
@article{xu2021image2point,
	title={Image2Point: 3D Point-Cloud Understanding with Pretrained 2D ConvNets},
	author={Xu, Chenfeng and Yang, Shijia and Zhai, Bohan and Wu, Bichen and Yue, Xiangyu and Zhan, Wei and Vajda, Peter and Keutzer, Kurt and Tomizuka, Masayoshi},
	journal={arXiv preprint arXiv:2106.04180},
	year={2021}
}
@inproceedings{yang2021sat,
	title={SAT: 2D Semantics Assisted Training for 3D Visual Grounding},
	author={Yang, Zhengyuan and Zhang, Songyang and Wang, Liwei and Luo, Jiebo},
	journal={ICCV},
	year={2021}
}
@article{liu2021learning,
	title={Learning from 2D: Pixel-to-Point Knowledge Transfer for 3D Pretraining},
	author={Liu, Yueh-Cheng and Huang, Yu-Kai and Chiang, Hung-Yueh and Su, Hung-Ting and Liu, Zhe-Yu and Chen, Chin-Tang and Tseng, Ching-Yu and Hsu, Winston H},
	journal={arXiv preprint arXiv:2104.04687},
	year={2021}
}
@article{yuan2018ocnet,
	title={Ocnet: Object context network for scene parsing},
	author={Yuan, Yuhui and Huang, Lang and Guo, Jianyuan and Zhang, Chao and Chen, Xilin and Wang, Jingdong},
	journal={arXiv preprint arXiv:1809.00916},
	year={2018}
}
@inproceedings{zhang2020polarnet,
  title={PolarNet: An Improved Grid Representation for Online LiDAR Point Clouds Semantic Segmentation},
  author={Zhang, Yang and Zhou, Zixiang and David, Philip and Yue, Xiangyu and Xi, Zerong and Gong, Boqing and Foroosh, Hassan},
  booktitle={Proceedings of the IEEE/CVF Conference on Computer Vision and Pattern Recognition},
  pages={9601--9610},
  year={2020}
}
@INPROCEEDINGS{nuscenes,
  title={nuScenes: A multimodal dataset for autonomous driving},
  author={Holger Caesar and Varun Bankiti and Alex H. Lang and Sourabh Vora and 
          Venice Erin Liong and Qiang Xu and Anush Krishnan and Yu Pan and 
          Giancarlo Baldan and Oscar Beijbom}, 
  booktitle={CVPR},
  year=2020
}
@article{rosu2019latticenet,
  title={Latticenet: Fast point cloud segmentation using permutohedral lattices},
  author={Rosu, Radu Alexandru and Sch{\"u}tt, Peer and Quenzel, Jan and Behnke, Sven},
  journal={arXiv preprint arXiv:1912.05905},
  year={2019}
}
@inproceedings{duerr2020lidar,
  title={LiDAR-based recurrent 3D semantic segmentation with temporal memory alignment},
  author={Duerr, Fabian and Pfaller, Mario and Weigel, Hendrik and Beyerer, J{\"u}rgen},
  booktitle={2020 International Conference on 3D Vision (3DV)},
  pages={781--790},
  year={2020},
  organization={IEEE}
}
@inproceedings{genova2021learning,
  title={Learning 3D Semantic Segmentation with only 2D Image Supervision},
  author={Genova, Kyle and Yin, Xiaoqi and Kundu, Abhijit and Pantofaru, Caroline and Cole, Forrester and Sud, Avneesh and Brewington, Brian and Shucker, Brian and Funkhouser, Thomas},
  booktitle={2021 International Conference on 3D Vision (3DV)},
  pages={361--372},
  year={2021},
  organization={IEEE}
}
@article{cortinhal2020salsanext,
  title={Salsanext: Fast, uncertainty-aware semantic segmentation of lidar point clouds for autonomous driving},
  author={Cortinhal, Tiago and Tzelepis, George and Aksoy, Eren Erdal},
  journal={arXiv preprint arXiv:2003.03653},
  year={2020}
}
@inproceedings{jaritz2020xmuda,
  title={xmuda: Cross-modal unsupervised domain adaptation for 3d semantic segmentation},
  author={Jaritz, Maximilian and Vu, Tuan-Hung and Charette, Raoul de and Wirbel, Emilie and P{\'e}rez, Patrick},
  booktitle={Proceedings of the IEEE/CVF Conference on Computer Vision and Pattern Recognition},
  pages={12605--12614},
  year={2020}
}